<collection xmlns="http://www.loc.gov/MARC21/slim">
<record>
  <leader>01189nam0a22002291i 450 </leader>
  <controlfield tag="001">IT\ICCU\CNCE\071083</controlfield>
  <controlfield tag="005">20070621000000.0</controlfield>
  <datafield tag="012" ind1=" " ind2=" ">
    <subfield code="a">b-pi cut. a.m. pgna (3) 1509 (R)</subfield>
    <subfield code="2">fei</subfield>
  </datafield>
  <datafield tag="100" ind1=" " ind2=" ">
    <subfield code="a">20070618d1509        0itac0103    ba</subfield>
  </datafield>
  <datafield tag="101" ind1=" " ind2=" ">
    <subfield code="a">LAT</subfield>
  </datafield>
  <datafield tag="102" ind1=" " ind2=" ">
    <subfield code="a">IT</subfield>
  </datafield>
  <datafield tag="200" ind1="1" ind2=" ">
    <subfield code="a">℗Sacratissime astronomie Ptholomei ℗Liber diuersarum rerum : quem scripsit ad Heristhonem filium suum tractans compendiose de diuersis rebus : vt habetur in tabula que est in principio istius libri</subfield>
  </datafield>
  <datafield tag="210" ind1=" " ind2=" ">
    <subfield code="a">\Venezia!</subfield>
    <subfield code="c">prodeat in lucem ductu Petri Liechtenstein</subfield>
    <subfield code="d">1509</subfield>
    <subfield code="e">Venetijs</subfield>
    <subfield code="g">in edibus Petri Liechtenstein Coloniensis Germani</subfield>
    <subfield code="h">1509. die tertio Aprilis</subfield>
  </datafield>
  <datafield tag="215" ind1=" " ind2=" ">
    <subfield code="a">14 c.</subfield>
    <subfield code="d">4℗ð</subfield>
  </datafield>
  <datafield tag="300" ind1=" " ind2=" ">
    <subfield code="a">Annullata, vedi 60199.Forme contratte nel tit. -  Segn.: Áœ B-Ćþ. -  Iniz. xilogr</subfield>
  </datafield>
  <datafield tag="620" ind1=" " ind2=" ">
    <subfield code="a">IT</subfield>
    <subfield code="d">Venezia</subfield>
  </datafield>
  <datafield tag="700" ind1=" " ind2="1">
    <subfield code="a">Ptolemaeus,</subfield>
    <subfield code="b">Claudius</subfield>
    <subfield code="c"> &lt;100-ca. 178&gt;</subfield>
    <subfield code="3">IT\ICCU\CNCA\000300</subfield>
  </datafield>
  <datafield tag="712" ind1="0" ind2="0">
    <subfield code="a">Liechtenstein, Peter</subfield>
    <subfield code="3">IT\ICCU\CNCT\000403</subfield>
    <subfield code="4">650</subfield>
  </datafield>
  <datafield tag="790" ind1=" " ind2="1">
    <subfield code="a">Tolomeo,</subfield>
    <subfield code="b">Claudio</subfield>
    <subfield code="3">IT\ICCU\CNCA\014958</subfield>
    <subfield code="z">Ptolemaeus, Claudius &lt;100-ca. 178&gt;</subfield>
  </datafield>
  <datafield tag="791" ind1="0" ind2="0">
    <subfield code="a">Lucidus Lapis, Petrus</subfield>
    <subfield code="3">IT\ICCU\CNCT\004962</subfield>
    <subfield code="z">Liechtenstein, Peter</subfield>
  </datafield>
  <datafield tag="801" ind1=" " ind2="3">
    <subfield code="a">IT</subfield>
    <subfield code="b">ICCU</subfield>
    <subfield code="c">20201115</subfield>
  </datafield>
  <datafield tag="899" ind1=" " ind2=" ">
    <subfield code="a">Biblioteca nazionale universitaria. Torino</subfield>
    <subfield code="1">TO0265</subfield>
    <subfield code="2">TO0 02</subfield>
  </datafield>
</record>
</collection>
